@article{Biswas2010,
	author    = {J. Biswas, M. M. Veloso},
	title     = {Wifi localization and navigation for autonomous indoor mobile robots},
	journal   = {IEEE International Conference on Robotics and Automation},
	publisher = {ICRA},
	volume    = {104},
	year      = {2010},
}

@masterthesis{Diego2016,
  author  = {Diego Porto Rocha},
  title   = {Sistema de localização para Cellbots integrando odometria visual monocular e força de sinal WiFi},
  school  = {Universidade Federal do Piauí},
  year    = {2016}
}

@techreport{key,
  author      = {},
  title       = {},
  institution = {},
  year        = {}
}